<?xml version="1.0" encoding="UTF-8"?><collection><record><leader>06072ntm a2200589 a 4500</leader><controlfield tag="001">006812448</controlfield><controlfield tag="003">MiAaHDL</controlfield><controlfield tag="005">20190719000000.0</controlfield><controlfield tag="006">m        d        </controlfield><controlfield tag="007">cr bn ---auaua</controlfield><controlfield tag="008">090603s1289    xx            00| ||ara d</controlfield><datafield tag="035" ind1=" " ind2=" "><subfield code="a">(MiU)006812448</subfield></datafield><datafield tag="035" ind1=" " ind2=" "><subfield code="a">sdr-miu006812448</subfield></datafield><datafield tag="040" ind1=" " ind2=" "><subfield code="a">MiU</subfield><subfield code="c">MiU</subfield><subfield code="e">amremm</subfield></datafield><datafield tag="043" ind1=" " ind2=" "><subfield code="a">n-us-mi</subfield></datafield><datafield tag="100" ind1="0" ind2=" "><subfield code="6">880-01</subfield><subfield code="a">Nawawī,</subfield><subfield code="d">1233-1277.</subfield></datafield><datafield tag="240" ind1="1" ind2="0"><subfield code="6">880-02</subfield><subfield code="a">Minhāj fī sharḥ Ṣaḥīḥ Muslim.</subfield><subfield code="n">juzʼ 6</subfield></datafield><datafield tag="245" ind1="1" ind2="3"><subfield code="6">880-03</subfield><subfield code="a">al-Juz’ al-sādis min al-Minhāj fī sharḥ Ṣaḥīḥ Muslim,</subfield><subfield code="f">[688, i.e. 1289].</subfield></datafield><datafield tag="246" ind1="3" ind2=" "><subfield code="6">880-06</subfield><subfield code="a">Mināj al-muḥaddithīn wa-sabīl talbiyat al-muḥaqqiqīn</subfield></datafield><datafield tag="246" ind1="3" ind2=" "><subfield code="6">880-05</subfield><subfield code="a">Minhāj fī Sharḥ Muslim ibn al-Ḥajjāj</subfield></datafield><datafield tag="246" ind1="3" ind2=" "><subfield code="6">880-04</subfield><subfield code="a">Sharḥ Ṣaḥīḥ Muslim</subfield></datafield><datafield tag="260" ind1=" " ind2=" "><subfield code="c">[1289].</subfield></datafield><datafield tag="300" ind1=" " ind2=" "><subfield code="a">132 leaves :</subfield><subfield code="b">paper ;</subfield><subfield code="c">255 x 170 (160 x 105) mm. bound to 265 x 180 mm.</subfield></datafield><datafield tag="500" ind1=" " ind2=" "><subfield code="a">Shelfmark: Ann Arbor, University of Michigan, Special Collections Library, Isl. Ms. 494</subfield></datafield><datafield tag="500" ind1=" " ind2=" "><subfield code="a">Origin: As appears in colophon on fol.132a, transcription finished ("wa-kāna al-farāgh min naskhih") in the last 10th of Shaʻbān 688 [September 1289]. Copyist is not named.</subfield></datafield><datafield tag="500" ind1=" " ind2=" "><subfield code="a">Accompanying materials: a. Inventory cataloguing slip in hand of Winifred Smeaton Thomas. -- b. Acquisitions slip from Yahuda.</subfield></datafield><datafield tag="500" ind1=" " ind2=" "><subfield code="a">Former shelfmark: From inner front cover and spine label, "IL 343" (likely supplied by Yahuda, see acquisitions slip).</subfield></datafield><datafield tag="500" ind1=" " ind2=" "><subfield code="a">Binding: Pasteboard covered in black cloth with spine covered in black leather (quarter-bound); Type III binding (without flap); spine gold-stamped with title and author "المنهاد في شرح صحيح مسلم 6" as well as decorative bands along ridges; not original to the codex; in good condition.</subfield></datafield><datafield tag="500" ind1=" " ind2=" "><subfield code="a">Support: non-European (likely Arab) 'Mamluk' laid paper with horizontal chain lines grouped in twos, multiple groups per page, spaced approximately 1 cm apart; 6 laid lines per cm.</subfield></datafield><datafield tag="500" ind1=" " ind2=" "><subfield code="a">Script: Naskh; large, clear Mamlūk hand (possibly Egyptian or Syrian) with straight, vertical, serifless alifs; hamzah and shaddah are used; tanwin is marked.</subfield></datafield><datafield tag="500" ind1=" " ind2=" "><subfield code="a">Layout: Written in 9 lines per page; frame-ruled (impression of misṭarah evident).</subfield></datafield><datafield tag="500" ind1=" " ind2=" "><subfield code="a">Collation: 1(1), 6 V (61), IV+1 (70), 6 V (130), I (132); quire numbering written out in Arabic (الرابع, الخامس, الخ) at the top-left of the first folio of each quire, first appearing at fol.12a "الرابع", and in many cases more highly visible where the tackiness of the ink led to a transfer of the word onto the facing leaf; middle-of-the-quire marks take the form of small vertical pencil-marks in the bottom-left and top-right corners of most quires; catchwords lacking; foliated in Hindi numerals, with the second folio numbered 19, implying that the codex is acephelous with some 18 or so leaves missing from the beginning of the codex; paginated in pencil, Western numerals, referenced in cataloguing.</subfield></datafield><datafield tag="500" ind1=" " ind2=" "><subfield code="a">Colophon: "Scribal," rectangular, reads: "نجز الجزؤ السادس من المنهاج في شرح صحيح مسلم رحمه الله ورضي عنه [...] الجزؤ السابع ان شا الله تعالى [...] قوله صلى الله عليه وسلم ويل للاعقاب من النار كان الفراغ من نسخه في العشر الاخير من شعبان المبارك سنة ثمان وثمانين وستماية غفر الله لمصنفه ومالكه وكاتبه وقاريه ومستمعه ولجميع المسلمين بمنه وكرمه والحمد لله رب العالمين وصلى الله علي سيدنا محمد واله وصحبه وسلم تسليما كثيرا وحسبنا الله ونعم الوكيل"</subfield></datafield><datafield tag="500" ind1=" " ind2=" "><subfield code="a">Explicit: "والمقصود هنا شرح متون الاحاديث وألفاظها دون بسط الادلة وأجوابه الخالفين ومن أخصر ما نذكره أن جميع من وصف وضؤ رسول الله صلى الله عليه وسلم في مواطن مختلفة وعلى صفات متعددة متفقون على غسل الرجلين"</subfield></datafield><datafield tag="500" ind1=" " ind2=" "><subfield code="a">Incipit: "المسؤل فإن فقد احد هذه الشروط فهي حرام بالاتفاق والله اعلم"</subfield></datafield><datafield tag="500" ind1=" " ind2=" "><subfield code="a">Title from closing on fol.131b.</subfield></datafield><datafield tag="500" ind1=" " ind2=" "><subfield code="a">Ms. codex.</subfield></datafield><datafield tag="510" ind1="4" ind2=" "><subfield code="a">Hajji Khalifah. Kashf al-ẓunūn,</subfield><subfield code="c">ii 545</subfield></datafield><datafield tag="510" ind1="4" ind2=" "><subfield code="a">Brockelmann, C. GAL,</subfield><subfield code="c">I, 160 ; I, 397</subfield></datafield><datafield tag="520" ind1="8" ind2=" "><subfield code="a">An acephelous copy of the sixth part of al-Nawawī’s principal commentary on the Ṣaḥīḥ of Muslim ibn al-Ḥajjāj (d.261/875). Description provided by Noah Gardiner.</subfield></datafield><datafield tag="538" ind1=" " ind2=" "><subfield code="a">Mode of access: Internet.</subfield></datafield><datafield tag="541" ind1=" " ind2=" "><subfield code="a">Acquired in 1926 from the bookseller Isaac Benjamin S.E. Yahuda via purchase transacted on his behalf by Abraham Shalom Yahuda (1877-1951), his younger brother.</subfield></datafield><datafield tag="546" ind1=" " ind2=" "><subfield code="a">Arabic.</subfield></datafield><datafield tag="561" ind1=" " ind2=" "><subfield code="a">For a scholarly volume of this age, and book of this importance, this volume is remarkably lacking in glosses, marginal and interlinear corrections, and marks of ownership; the almost total lack of marginalia is perhaps its most striking feature; very few marginal corrections (e.g. fol. 2a) marked with "بيان"; possible audition notice in lower left margin of fol.132a.</subfield></datafield><datafield tag="600" ind1="0" ind2="0"><subfield code="a">Muslim ibn al-Ḥajjāj al-Qushayrī,</subfield><subfield code="d">approximately 821-875.</subfield><subfield code="t">Jāmiʻ al-ṣaḥīḥ</subfield><subfield code="x">Commentaries</subfield><subfield code="y">13th century.</subfield></datafield><datafield tag="650" ind1=" " ind2="0"><subfield code="a">Manuscripts, Arabic</subfield><subfield code="z">Michigan</subfield><subfield code="z">Ann Arbor.</subfield></datafield><datafield tag="650" ind1=" " ind2="0"><subfield code="a">Hadith</subfield><subfield code="x">Criticism, interpretation, etc.</subfield><subfield code="v">Early works to 1800.</subfield></datafield><datafield tag="650" ind1=" " ind2="0"><subfield code="a">Hadith</subfield><subfield code="v">Commentaries</subfield><subfield code="v">Early works to 1800</subfield><subfield code="x">Commentaries.</subfield></datafield><datafield tag="773" ind1="0" ind2=" "><subfield code="a">Yahuda Collection.</subfield></datafield><datafield tag="880" ind1="3" ind2=" "><subfield code="6">246-06/</subfield><subfield code="a">منهاج المحدثين وسبيل تلبية المحققين</subfield></datafield><datafield tag="880" ind1="3" ind2=" "><subfield code="6">246-05/</subfield><subfield code="a">منهاج في شرح مسلم بن الحجاج</subfield></datafield><datafield tag="880" ind1="3" ind2=" "><subfield code="6">246-04/</subfield><subfield code="a">شرح صحيح مسلم</subfield></datafield><datafield tag="880" ind1="1" ind2="2"><subfield code="6">245-03/</subfield><subfield code="a">الجزء السادس من المنهاج في شرح صحيح مسلم,</subfield><subfield code="f">[688ه، 1289م].</subfield></datafield><datafield tag="880" ind1="1" ind2="0"><subfield code="6">240-02/</subfield><subfield code="a">منهاج في شرح صحيح مسلم.</subfield><subfield code="n">جزء 6</subfield></datafield><datafield tag="880" ind1="0" ind2=" "><subfield code="6">100-01/</subfield><subfield code="a">نووي.</subfield></datafield><datafield tag="CID" ind1=" " ind2=" "><subfield code="a">006812448</subfield></datafield><datafield tag="DAT" ind1="0" ind2=" "><subfield code="a">20190719102637.0</subfield><subfield code="b">20190719000000.0</subfield></datafield><datafield tag="DAT" ind1="1" ind2=" "><subfield code="a">20190719090653.0</subfield><subfield code="b">2019-07-19T16:10:30Z</subfield></datafield><datafield tag="DAT" ind1="2" ind2=" "><subfield code="a">2015-10-02T18:00:03Z</subfield></datafield><datafield tag="CAT" ind1=" " ind2=" "><subfield code="a">SDR-MIU</subfield><subfield code="d">EX LIBRIS - ALEPH</subfield><subfield code="l">prepare.pl-004-008</subfield></datafield><datafield tag="FMT" ind1=" " ind2=" "><subfield code="a">BK</subfield></datafield><datafield tag="HOL" ind1=" " ind2=" "><subfield code="0">sdr-miu006812448</subfield><subfield code="a">MiU</subfield><subfield code="b">SDR</subfield><subfield code="c">MIU</subfield><subfield code="p">mdp.39015079128065</subfield><subfield code="s">MIU</subfield><subfield code="1">006812448</subfield></datafield><datafield tag="974" ind1=" " ind2=" "><subfield code="b">MIU</subfield><subfield code="c">MIU</subfield><subfield code="d">20190719</subfield><subfield code="s">lit-dlps-dc</subfield><subfield code="u">mdp.39015079128065</subfield><subfield code="y">1289</subfield><subfield code="r">pd</subfield><subfield code="q">bib</subfield><subfield code="t">non-US bib date1 &lt; 1879</subfield></datafield></record></collection>